<record><leader>00000cas a2200000 a 4500</leader><controlfield tag="001">7538054</controlfield><controlfield tag="007">hd afu---bucu</controlfield><controlfield tag="008">810629d196u19uumouwr nea     0    0eng c</controlfield><datafield ind1=" " ind2=" " tag="010"><subfield code="a">  2003252657</subfield></datafield><datafield ind1=" " ind2=" " tag="040"><subfield code="a">AKR</subfield><subfield code="b">eng</subfield><subfield code="c">AKR</subfield><subfield code="d">OCL</subfield><subfield code="d">MQN</subfield><subfield code="d">OCL</subfield><subfield code="d">OCLCQ</subfield><subfield code="d">WAU</subfield><subfield code="d">ORZ</subfield><subfield code="d">OCLCQ</subfield><subfield code="d">OCLCF</subfield><subfield code="d">CRL</subfield><subfield code="d">OCLCO</subfield></datafield><datafield ind1="1" ind2=" " tag="029"><subfield code="a">AU@</subfield><subfield code="b">000011892909</subfield></datafield><datafield ind1="1" ind2=" " tag="029"><subfield code="a">AU@</subfield><subfield code="b">000041101756</subfield></datafield><datafield ind1="1" ind2=" " tag="029"><subfield code="a">AU@</subfield><subfield code="b">000024730391</subfield></datafield><datafield ind1=" " ind2=" " tag="042"><subfield code="a">pcc</subfield></datafield><datafield ind1=" " ind2=" " tag="043"><subfield code="a">n-us-mo</subfield></datafield><datafield ind1=" " ind2="4" tag="050"><subfield code="a">AN3</subfield><subfield code="b">.U5 Reel 11</subfield></datafield><datafield ind1="0" ind2="4" tag="245"><subfield code="a">The New hard times</subfield><subfield code="h">[microform].</subfield></datafield><datafield ind1=" " ind2=" " tag="260"><subfield code="a">St. Louis, Mo. :</subfield><subfield code="b">New Hard Times</subfield></datafield><datafield ind1=" " ind2=" " tag="300"><subfield code="a">v. :</subfield><subfield code="b">ill.</subfield></datafield><datafield ind1=" " ind2=" " tag="310"><subfield code="a">Weekly</subfield></datafield><datafield ind1=" " ind2=" " tag="588"><subfield code="a">Description based on: Vol. 2, no. 4 (Nov. 21, 1968).</subfield></datafield><datafield ind1=" " ind2=" " tag="533"><subfield code="a">Microfilm.</subfield><subfield code="b">Wooster, Ohio :</subfield><subfield code="c">Bell &amp; Howell Co.</subfield><subfield code="e">microfilm reels ; 35 mm.</subfield><subfield code="f">(Underground newspaper collection).</subfield><subfield code="n">Filmed with other titles.</subfield></datafield><datafield ind1=" " ind2="0" tag="651"><subfield code="a">Saint Louis (Mo.)</subfield><subfield code="v">Newspapers.</subfield></datafield><datafield ind1=" " ind2="7" tag="651"><subfield code="a">Missouri</subfield><subfield code="z">Saint Louis.</subfield><subfield code="2">fast</subfield><subfield code="0">(OCoLC)fst01204930</subfield></datafield><datafield ind1=" " ind2="7" tag="655"><subfield code="a">Underground newspapers</subfield><subfield code="z">Missouri</subfield><subfield code="z">Saint Louis.</subfield><subfield code="2">ngl</subfield></datafield><datafield ind1=" " ind2="7" tag="655"><subfield code="a">Newspapers.</subfield><subfield code="2">fast</subfield><subfield code="0">(OCoLC)fst01423814</subfield></datafield><datafield ind1=" " ind2=" " tag="752"><subfield code="a">United States</subfield><subfield code="b">Missouri</subfield><subfield code="d">Saint Louis.</subfield></datafield><datafield ind1="1" ind2=" " tag="776"><subfield code="c">Original</subfield><subfield code="w">(DLC)sn2003060318</subfield><subfield code="w">(OCoLC)1759822</subfield></datafield><datafield ind1=" " ind2="0" tag="830"><subfield code="a">Underground newspaper collection.</subfield></datafield></record>